<?xml version="1.0" encoding="UTF-8"?><record xmlns="http://www.loc.gov/MARC21/slim" xmlns:cinclude="http://apache.org/cocoon/include/1.0" xmlns:zs="http://www.loc.gov/zing/srw/">
  <leader>00453nz  a2200121n  4500</leader>
  <controlfield tag="001">n  95028963 </controlfield>
  <controlfield tag="003">DLC</controlfield>
  <controlfield tag="005">19950324074219.5</controlfield>
  <controlfield tag="008">950324n| acannaab|          |n ana |||  </controlfield>
  <datafield tag="010" ind1=" " ind2=" ">
    <subfield code="a">n  95028963 </subfield>
  </datafield>
  <datafield tag="040" ind1=" " ind2=" ">
    <subfield code="a">DLC</subfield>
    <subfield code="c">DLC</subfield>
  </datafield>
  <datafield tag="110" ind1="2" ind2="0">
    <subfield code="a">Instituto Tecnológico de Oaxaca.</subfield>
    <subfield code="b">Division de Estudios de Posgrado e Investigación</subfield>
  </datafield>
  <datafield tag="670" ind1=" " ind2=" ">
    <subfield code="a">Informe técnico final, 1994:</subfield>
    <subfield code="b">v. 1, t.p. (Instituto Tecnológico de Oaxaca, Division de Estudios de Posgrado e Investigación)</subfield>
  </datafield>
</record>